@article{babaeizadeh2016reinforcement,
	title={Reinforcement learning through asynchronous advantage actor-critic on a gpu},
	author={Babaeizadeh, Mohammad and Frosio, Iuri and Tyree, Stephen and Clemons, Jason and Kautz, Jan},
	year={2016}
}

@article{stooke2018accelerated,
	title={Accelerated methods for deep reinforcement learning},
	author={Stooke, Adam and Abbeel, Pieter},
	journal={arXiv preprint arXiv:1803.02811},
	year={2018}
}

@inproceedings{mnih2016asynchronous,
	title={Asynchronous methods for deep reinforcement learning},
	author={Mnih, Volodymyr and Badia, Adria Puigdomenech and Mirza, Mehdi and Graves, Alex and Lillicrap, Timothy and Harley, Tim and Silver, David and Kavukcuoglu, Koray},
	booktitle={International Conference on Machine Learning},
	pages={1928--1937},
	year={2016}
}

@article{grondman2012survey,
	title={A survey of actor-critic reinforcement learning: Standard and natural policy gradients},
	author={Grondman, Ivo and Busoniu, Lucian and Lopes, Gabriel AD and Babuska, Robert},
	journal={IEEE Transactions on Systems, Man, and Cybernetics, Part C (Applications and Reviews)},
	volume={42},
	number={6},
	pages={1291--1307},
	year={2012},
	publisher={IEEE}
}

@misc{gasicdrl,
	Author = {Gasic, Milica},
	Institution = {Cambridge University Engineering Department},
	Howpublished = {Cambridge University Engineering Department, University Lecture},
	Year = {2018},
	Title = {Deep reinforcement learning}
}

@phdthesis{Vijaymohan2002,
	title={Actor-critic algorithms},
	author={Vijaymohan , Konda},
	year={2002},
	school={Massachusetts Institute of Technology}
}

@article{lillicrap2015continuous,
	title={Continuous control with deep reinforcement learning},
	author={Lillicrap, Timothy P and Hunt, Jonathan J and Pritzel, Alexander and Heess, Nicolas and Erez, Tom and Tassa, Yuval and Silver, David and Wierstra, Daan},
	journal={arXiv preprint arXiv:1509.02971},
	year={2015}
}

@inproceedings{silver2014deterministic,
	title={Deterministic policy gradient algorithms},
	author={Silver, David and Lever, Guy and Heess, Nicolas and Degris, Thomas and Wierstra, Daan and Riedmiller, Martin},
	booktitle={ICML},
	year={2014}
}

@article{babaeizadeh2016ga3c,
	author = {Babaeizadeh, Mohammad and Frosio, Iuri and Tyree, Stephen and Clemons, Jason and Kautz, Jan},
	year = {2016},
	month = {11},
	pages = {},
	title = {GA3C: GPU-based A3C for Deep Reinforcement Learning}
}

@article{rizvi2017optimized,
	title={Optimized Deep Neural Networks for Real-Time Object Classification on Embedded GPUs},
	author={Rizvi, Syed Tahir Hussain and Cabodi, Gianpiero and Francini, Gianluca},
	journal={Applied Sciences},
	volume={7},
	number={8},
	pages={826},
	year={2017},
	publisher={Multidisciplinary Digital Publishing Institute}
}

@inproceedings{konda2000actor,
	title={Actor-critic algorithms},
	author={Konda, Vijay R and Tsitsiklis, John N},
	booktitle={Advances in neural information processing systems},
	pages={1008--1014},
	year={2000}
}

@article{asadi2017mean,
	title={Mean Actor Critic},
	author={Asadi, Kavosh and Allen, Cameron and Roderick, Melrose and Mohamed, Abdel-rahman and Konidaris, George and Littman, Michael},
	journal={arXiv preprint arXiv:1709.00503},
	year={2017}
}

@inproceedings{sutton2000policy,
	title={Policy gradient methods for reinforcement learning with function approximation},
	author={Sutton, Richard S and McAllester, David A and Singh, Satinder P and Mansour, Yishay},
	booktitle={Advances in neural information processing systems},
	pages={1057--1063},
	year={2000}
}

















@article{silver2016mastering,
  title={Mastering the game of Go with deep neural networks and tree search},
  author={Silver, David and Huang, Aja and Maddison, Chris J and Guez, Arthur and Sifre, Laurent and Van Den Driessche, George and Schrittwieser, Julian and Antonoglou, Ioannis and Panneershelvam, Veda and Lanctot, Marc and others},
  journal={Nature},
  volume={529},
  number={7587},
  pages={484--489},
  year={2016},
  publisher={Nature Publishing Group}
}

@inproceedings{andrychowicz2017hindsight,
	title={Hindsight experience replay},
	author={Andrychowicz, Marcin and Crow, Dwight and Ray, Alex and Schneider, Jonas and Fong, Rachel and Welinder, Peter and McGrew, Bob and Tobin, Josh and Abbeel, OpenAI Pieter and Zaremba, Wojciech},
	booktitle={Advances in Neural Information Processing Systems},
	pages={5055--5065},
	year={2017}
}

@inbook {amato15,
year = {2015},
author = {Amato, C.},
title = {Cooperative Decision Making},
publisher = {MIT Lincoln Laboratory Series},
address = {London},
chapter = {7.},
}

@article{csaji2001approximation,
	title={Approximation with artificial neural networks},
	author={Cs{\'a}ji, Bal{\'a}zs Csan{\'a}d},
	journal={Faculty of Sciences, Etvs Lornd University, Hungary},
	volume={24},
	pages={48},
	year={2001}
}

@inproceedings{zhang2016learning,
  title={Learning deep neural network policies with continuous memory states},
  author={Zhang, Marvin and McCarthy, Zoe and Finn, Chelsea and Levine, Sergey and Abbeel, Pieter},
  booktitle={Robotics and Automation (ICRA), 2016 IEEE International Conference on},
  pages={520--527},
  year={2016},
  organization={IEEE}
}

@book{kochenderfer2015decision,
  title={Decision making under uncertainty: theory and application},
  author={Kochenderfer, Mykel J},
  year={2015},
  publisher={MIT press}
}

@article{dibangoye2016optimally,
  title={Optimally solving Dec-POMDPs as continuous-state MDPs},
  author={Dibangoye, Jilles Steeve and Amato, Christopher and Buffet, Olivier and Charpillet, Fran{\c{c}}ois},
  journal={Journal of Artificial Intelligence Research},
  volume={55},
  pages={443--497},
  year={2016}
}

@phdthesis{redding2011approximate,
  title={Approximate multi-agent planning in dynamic and uncertain environments},
  author={Redding, Joshua David},
  year={2011},
  school={Massachusetts Institute of Technology}
}

@inproceedings{chades2005solving,
  title={Solving multiagent Markov decision processes: a forest management example},
  author={Chades, I and Bouteiller, B},
  booktitle={Proceedings of the International Congress on Modelling and Simulation (MODSIM 2005)},
  pages={1594--1600},
  year={2005}
}

@inproceedings{guestrin2002multiagent,
  title={Multiagent planning with factored MDPs},
  author={Guestrin, Carlos and Koller, Daphne and Parr, Ronald},
  booktitle={Advances in neural information processing systems},
  pages={1523--1530},
  year={2002}
}

@article{bellman1958dynamic,
  title={Dynamic programming and stochastic control processes},
  author={Bellman, Richard},
  journal={Information and control},
  volume={1},
  number={3},
  pages={228--239},
  year={1958},
  publisher={Elsevier}
}

@article{boutilier1999decision,
  title={Decision-theoretic planning: Structural assumptions and computational leverage},
  author={Boutilier, Craig and Dean, Thomas and Hanks, Steve},
  journal={Journal of Artificial Intelligence Research},
  volume={11},
  number={1},
  pages={94},
  year={1999}
}

@article{monahan1982state,
  title={State of the artâ€”a survey of partially observable Markov decision processes: theory, models, and algorithms},
  author={Monahan, George E},
  journal={Management Science},
  volume={28},
  number={1},
  pages={1--16},
  year={1982},
  publisher={INFORMS}
}

@article{sutton1984temporal,
  title={Temporal credit assignment in reinforcement learning},
  author={Sutton, Richard Stuart},
  year={1984}
}

@inproceedings{boutilier1999sequential,
  title={Sequential optimality and coordination in multiagent systems},
  author={Boutilier, Craig},
  booktitle={IJCAI},
  volume={99},
  pages={478--485},
  year={1999}
}

@inproceedings{proper2009solving,
  title={Solving multiagent assignment markov decision processes},
  author={Proper, Scott and Tadepalli, Prasad},
  booktitle={Proceedings of The 8th International Conference on Autonomous Agents and Multiagent Systems-Volume 1},
  pages={681--688},
  year={2009},
  organization={International Foundation for Autonomous Agents and Multiagent Systems}
}

@article{shani2013survey,
  title={A survey of point-based POMDP solvers},
  author={Shani, Guy and Pineau, Joelle and Kaplow, Robert},
  journal={Autonomous Agents and Multi-Agent Systems},
  pages={1--51},
  year={2013},
  publisher={Springer}
}

@book{puterman2014markov,
  title={Markov decision processes: discrete stochastic dynamic programming},
  author={Puterman, Martin L},
  year={2014},
  publisher={John Wiley \& Sons}
}

@inproceedings{glorot2010understanding,
  title={Understanding the difficulty of training deep feedforward neural networks.},
  author={Glorot, Xavier and Bengio, Yoshua},
  booktitle={Aistats},
  volume={9},
  pages={249--256},
  year={2010}
}

@article{pendall2005persistent,
  title={Persistent surveillance and its implications for the common operating picture},
  author={Pendall, David W},
  journal={Military Review},
  volume={85},
  number={6},
  pages={41},
  year={2005},
  publisher={US Army CGSC}
}

@inproceedings{tarhan2014formal,
  title={Formal intent based Flight Management System design for unmanned aerial vehicles},
  author={Tarhan, Ahmed Farabi and Koyuncu, Emre and Hasanzade, Mehmet and Ozdemir, Ugur and Inalhan, Gokhan},
  booktitle={Unmanned Aircraft Systems (ICUAS), 2014 International Conference on},
  pages={984--992},
  year={2014},
  organization={IEEE}
}

@article{pasaoglu2016collaborative,
  title={Collaborative Intent Exchange Based Flight Management System with Airborne Collision Avoidance for UAS},
  author={Pasaoglu, Cengiz and Akcam, Nursel and Koyuncu, Emre and Tarhan, A Farabi and Inalhan, Gokhan},
  journal={Journal of Intelligent \& Robotic Systems},
  volume={84},
  number={1-4},
  pages={665--690},
  year={2016},
  publisher={Springer Netherlands}
}

@inproceedings{aktas2014low,
  title={A low cost prototyping approach for design analysis and flight testing of the turac vtol uav},
  author={Aktas, Yucel Orkut and Ozdemir, Ugur and Dereli, Yasin and Tarhan, Ahmed Farabi and Cetin, Aykut and Vuruskan, Aslihan and Yuksek, Burak and Cengiz, Hande and Basdemir, Serkan and Ucar, Mesut and others},
  booktitle={Unmanned Aircraft Systems (ICUAS), 2014 International Conference on},
  pages={1029--1039},
  year={2014},
  organization={IEEE}
}

@article{aktas2016rapid,
  title={Rapid Prototyping of a Fixed-Wing VTOL UAV for Design Testing},
  author={Aktas, Yucel Orkut and Ozdemir, Ugur and Dereli, Yasin and Tarhan, Ahmed Farabi and Cetin, Aykut and Vuruskan, Aslihan and Yuksek, Burak and Cengiz, Hande and Basdemir, Serkan and Ucar, Mesut and others},
  journal={Journal of Intelligent \& Robotic Systems},
  volume={84},
  number={1-4},
  pages={639--664},
  year={2016},
  publisher={Springer}
}

@mastersthesis{toksoz2012design,
  title={Design and implementation of an automated battery management platform},
  author={Toksoz, Tuna},
  year={2012},
  school={Massachusetts Institute of Technology}
}

@article{smallwood1973optimal,
  title={The optimal control of partially observable Markov processes over a finite horizon},
  author={Smallwood, Richard D and Sondik, Edward J},
  journal={Operations research},
  volume={21},
  number={5},
  pages={1071--1088},
  year={1973},
  publisher={INFORMS}
}

@techreport {glavic06,
year = {2006},
author = {Glavic, M.},
title = {Agents and Multi-Agent Systems: A Short Introduction for Power Engineers},
institution = {University of Liege Electrical Engineering and Computer Science Department, Belgium},
}

@misc {clement04,
author = {Clement, B.},
year = {2004},
title = {Multi-Agent Planning},
howpublished = {Artificial Intelligence Group, Jet Propulsion Laboratory, California},
}

@inproceedings{dean1997model,
  title={Model minimization in Markov decision processes},
  author={Dean, Thomas and Givan, Robert},
  booktitle={AAAI/IAAI},
  pages={106--111},
  year={1997}
}

@article{guestrin2003efficient,
  title={Efficient solution algorithms for factored MDPs},
  author={Guestrin, Carlos and Koller, Daphne and Parr, Ronald and Venkataraman, Shobha},
  journal={Journal of Artificial Intelligence Research},
  volume={19},
  pages={399--468},
  year={2003}
}

@inbook {rencao11,
year = {2011},
author = {Ren, W. and Cao, Y.},
title = {Distributed Coordination of Multi-agent Networks},
publisher = {Springer},
address = {London},
chapter = {2.},
}

@inbook {singh94,
year = {1994},
author = {Singh, W. M.},
title = {Multiagent Systems},
publisher = {Springer},
address = {Berlin},
chapter = {1.},
}

@article{murray2007recent,
  title={Recent research in cooperative control of multivehicle systems},
  author={Murray, Richard M},
  journal={Journal of Dynamic Systems, Measurement, and Control},
  volume={129},
  number={5},
  pages={571--583},
  year={2007},
  publisher={American Society of Mechanical Engineers}
}

@book{mesbahi2010graph,
  title={Graph theoretic methods in multiagent networks},
  author={Mesbahi, Mehran and Egerstedt, Magnus},
  year={2010},
  publisher={Princeton University Press}
}

@article{jadbabaie2003coordination,
  title={Coordination of groups of mobile autonomous agents using nearest neighbor rules},
  author={Jadbabaie, Ali and Lin, Jie and Morse, A Stephen},
  journal={IEEE Transactions on automatic control},
  volume={48},
  number={6},
  pages={988--1001},
  year={2003},
  publisher={IEEE}
}



@article{semsar2009multi,
  title={Multi-agent team cooperation: A game theory approach},
  author={Semsar-Kazerooni, Elham and Khorasani, Khashayar},
  journal={Automatica},
  volume={45},
  number={10},
  pages={2205--2213},
  year={2009},
  publisher={Elsevier}
}

@inproceedings{wiering2000multi,
  title={Multi-agent reinforcement learning for traffic light control},
  author={Wiering, MA},
  booktitle={Machine Learning: Proceedings of the Seventeenth International Conference (ICML'2000)},
  pages={1151--1158},
  year={2000}
}

@article{bernstein2002complexity,
  title={The complexity of decentralized control of Markov decision processes},
  author={Bernstein, Daniel S and Givan, Robert and Immerman, Neil and Zilberstein, Shlomo},
  journal={Mathematics of operations research},
  volume={27},
  number={4},
  pages={819--840},
  year={2002},
  publisher={INFORMS}
}


@article{roadmap2002roadmap,
  title={Roadmap 2002-2027},
  author={Roadmap, Unmanned Aerial Vehicles},
  journal={US DoD, December},
  year={2002}
}  

@article {stone00,
author = {Stone, P. and Veloso, M.},
title = {Multiagent Systems: A Survey from a Machine Learning Perspective},
journal = {Autonomous Robotics},
volume = {8},
number = {3},
pages = {345â€“383},
year = {2000},
}

@article{tomlin98,
  title={Conflict resolution for air traffic management: A study in multiagent hybrid systems},
  author={Tomlin, Claire and Pappas, George J and Sastry, Shankar},
  journal={IEEE Transactions on automatic control},
  volume={43},
  number={4},
  pages={509--521},
  year={1998},
  publisher={IEEE}
}

@inproceedings{koller2000policy,
  title={Policy iteration for factored MDPs},
  author={Koller, Daphne and Parr, Ronald},
  booktitle={Proceedings of the Sixteenth conference on Uncertainty in artificial intelligence},
  pages={326--334},
  year={2000},
  organization={Morgan Kaufmann Publishers Inc.}
}

@article{de2003linear,
  title={The linear programming approach to approximate dynamic programming},
  author={de Farias, Daniela Pucci and Van Roy, Benjamin},
  journal={Operations research},
  volume={51},
  number={6},
  pages={850--865},
  year={2003},
  publisher={INFORMS}
}

@inproceedings{guestrin2002coordinated,
  title={Coordinated reinforcement learning},
  author={Guestrin, Carlos and Lagoudakis, Michail and Parr, Ronald},
  booktitle={ICML},
  volume={2},
  pages={227--234},
  year={2002}
}

@inproceedings{kok2004sparse,
  title={Sparse cooperative Q-learning},
  author={Kok, Jelle R and Vlassis, Nikos},
  booktitle={Proceedings of the twenty-first international conference on Machine learning},
  pages={61},
  year={2004},
  organization={ACM}
}
@inproceedings{guestrin2002context,
  title={Context-specific multiagent coordination and planning with factored MDPs},
  author={Guestrin, Carlos and Venkataraman, Shobha and Koller, Daphne},
  booktitle={AAAI/IAAI},
  pages={253--259},
  year={2002}
}

@phdthesis{ure2015multiagent,
  title={Multiagent planning and learning using random decompositions and adaptive representations},
  author={{\"U}re, Nazim Kemal},
  year={2015},
  school={Massachusetts Institute of Technology}
}

@inproceedings{strehl2007efficient,
  title={Efficient structure learning in factored-state MDPs},
  author={Strehl, Alexander L and Diuk, Carlos and Littman, Michael L},
  booktitle={AAAI},
  volume={7},
  pages={645--650},
  year={2007}
}

@phdthesis{murphy2002dynamic,
  title={Dynamic bayesian networks: representation, inference and learning},
  author={Murphy, Kevin Patrick},
  year={2002},
  school={University of California, Berkeley}
}

@article{swaminathan98,
  title={Modeling supply chain dynamics: A multiagent approach},
  author={Swaminathan, Jayashankar M and Smith, Stephen F and Sadeh, Norman M},
  journal={Decision sciences},
  volume={29},
  number={3},
  pages={607--632},
  year={1998},
  publisher={Wiley Online Library}
}

@article{chevaleyre05,
  title={Issues in multiagent resource allocation},
  author={Chevaleyre, Yann and Dunne, PE and Endriss, U and Lang, J and Lema{\~A}{\v{Z}}tre, M and Padget, J and Phelps, S and Rodrigues-Aguilar, JA and Sousa, P and others},
  year={2005},
  publisher={Institute for Logic, Language and Computation}
}

@incollection{douglas97,
  title={Multiagent mission specification and execution},
  author={MacKenzie, Douglas C and Arkin, Ronald C and Cameron, Jonathan M},
  booktitle={Robot colonies},
  pages={29--52},
  year={1997},
  publisher={Springer}
}

@article{crammer08,
  title={Learning from multiple sources},
  author={Crammer, Koby and Kearns, Michael and Wortman, Jennifer},
  journal={Journal of Machine Learning Research},
  volume={9},
  number={Aug},
  pages={1757--1774},
  year={2008}
}

@article{boyan94,
  title={Packet routing in dynamically changing networks: A reinforcement learning approach},
  author={Boyan, Justin A and Littman, Michael L and others},
  journal={Advances in neural information processing systems},
  pages={671--671},
  year={1994},
  publisher={Morgan Kaufmann Publishers}
}

@article{thrun05,
  title={Probabilistic robotics. 2005},
  author={Thrun, Sebastian and Burgard, Wolfram and Fox, Dieter},
  journal={Massachusetts Institute of Technology, USA},
  year={2005}
}

@book{sutton98,
 author = {Sutton, R. and Barto, A.},
 title = {Reinforcement Learning, an Introduction},
 year = {1998},
 publisher = {The MIT Press},
}


@article{busoni08,
  title={A comprehensive survey of multiagent reinforcement learning},
  author={Busoniu, Lucian and Babuska, Robert and De Schutter, Bart},
  journal={IEEE Transactions on Systems Man and Cybernetics Part C Applications and Reviews},
  volume={38},
  number={2},
  pages={156},
  year={2008},
  publisher={IEEE SYSTEMS MAN \& CYBERNETICS SOCIETY}
}
@phdthesis {urephd14,
author = {Ure, N. K.},
title = {Multiagent Planning and Learning Under Uncertainty Using Bayesian Optimization},
year = {2014},
address = {},
}

@inproceedings{amato13,
  title={Decentralized control of partially observable Markov decision processes},
  author={Amato, Christopher and Chowdhary, Girish and Geramifard, Alborz and Ure, N Kemal and Kochenderfer, Mykel J},
  booktitle={Decision and Control (CDC), 2013 IEEE 52nd Annual Conference on},
  pages={2398--2405},
  year={2013},
  organization={IEEE}
}

@inproceedings{bertsekas1995neuro,
  title={Neuro-dynamic programming: an overview},
  author={Bertsekas, Dimitri P and Tsitsiklis, John N},
  booktitle={Decision and Control, 1995., Proceedings of the 34th IEEE Conference on},
  volume={1},
  pages={560--564},
  year={1995},
  organization={IEEE}
}

@article{bryson2002applied,
  title={Applied Linear Optimal Control: Examples and Algorithms},
  author={Bryson Arthur, E},
  journal={Cambridge, UK},
  year={2002}
}

@inproceedings{zhou2015trajectory,
	title={Trajectory Sampling Value Iteration: Improved Dyna Search for MDPs},
	author={Zhou, Yicheng and Liu, Quan and Fu, Qiming and Zhang, Zongzhang},
	booktitle={Proceedings of the 2015 International Conference on Autonomous Agents and Multiagent Systems},
	pages={1685--1686},
	year={2015},
	organization={International Foundation for Autonomous Agents and Multiagent Systems}
}

@article {geramifard:1,
author = {Geramifard A.},
title = {A Tutorial on Linear Function Approximators for Dynamic Programming and Reinforcement Learning},
journal = {Foundations and Trends R in Machine Learning},
volume = {6},
number = {4},
pages = {375-454},
year = {2013},
}

@inproceedings{gupta2017cooperative,
	title={Cooperative multi-agent control using deep reinforcement learning},
	author={Gupta, Jayesh K and Egorov, Maxim and Kochenderfer, Mykel},
	booktitle={International Conference on Autonomous Agents and Multiagent Systems},
	pages={66--83},
	year={2017},
	organization={Springer}
}

@article{li2017deep,
	title={Deep reinforcement learning: An overview},
	author={Li, Yuxi},
	journal={arXiv preprint arXiv:1701.07274},
	year={2017}
}

@misc {roth05,
author = {Roth, M.},
year = {2005},
title = {Markov Models for Multi-Agent Coordination},
howpublished = {Multi-Robot Reading Group},
}

@article {bellman:1,
author = {Bellman R.},
title = {Dynamic programming and stochastic control processes},
journal = {Information and Control},
volume = {1},
number = {3},
pages = {228-239},
year = {1958},
}

@article {bellman:2,
author = {Bellman R.},
title = {The theory of dynamic programming},
journal = {Bull. Amer. Math. Soc.},
volume = {60},
pages = {503-515},
year = {1954},
}

@misc {bellman:3,
author = {Bellman R.},
year = {1961},
title = {Adaptive Control Processes: A Guided Tour},
howpublished = {Princeton University Press}
}

@book{bertsekas:1,
  title={Dynamic programming and optimal control},
  author={Bertsekas, Dimitri P and Bertsekas, Dimitri P and Bertsekas, Dimitri P and Bertsekas, Dimitri P},
  volume={1},
  number={2},
  year={1995},
  publisher={Athena Scientific Belmont, MA}
}

@book{busoni:1,
  title={Reinforcement learning and dynamic programming using function approximators},
  author={Busoniu, Lucian and Babuska, Robert and De Schutter, Bart and Ernst, Damien},
  volume={39},
  year={2010},
  publisher={CRC press}
}

@article{tampuu2017multiagent,
  title={Multiagent cooperation and competition with deep reinforcement learning},
  author={Tampuu, Ardi and Matiisen, Tambet and Kodelja, Dorian and Kuzovkin, Ilya and Korjus, Kristjan and Aru, Juhan and Aru, Jaan and Vicente, Raul},
  journal={PloS one},
  volume={12},
  number={4},
  pages={e0172395},
  year={2017},
  publisher={Public Library of Science}
}

@article {barto:1,
  title={Learning to act using real-time dynamic programming},
  author={Barto, Andrew G and Bradtke, Steven J and Singh, Satinder P},
  journal={Artificial intelligence},
  volume={72},
  number={1-2},
  pages={81--138},
  year={1995},
  publisher={Elsevier}
}

@article{brafman:1,
  title={R-max-a general polynomial time algorithm for near-optimal reinforcement learning},
  author={Brafman, Ronen I and Tennenholtz, Moshe},
  journal={Journal of Machine Learning Research},
  volume={3},
  number={Oct},
  pages={213--231},
  year={2002}
}

@phdthesis {geramifard:2,
author = {Geramifard, A.},
title = {Practical Reinforcement Learning Using Representation Learning and Safe Exploration for Large Scale Markov Decision Processes},
year = {2012},
school = {Massachusetts Institute of Technology, Department of Aeronautics and Astronautics},
}

@article {tsitsiklis:1,
  title={An analysis of temporal-difference learning with function approximation},
  author={Tsitsiklis, John N and Van Roy, Benjamin and others},
  journal={IEEE transactions on automatic control},
  volume={42},
  number={5},
  pages={674--690},
  year={1997}
}
@techreport {whiteson:1,
year = {2007},
author = {Whiteson, S. and Taylor, M.,E. and Stone, P.},
title = {Adaptive tile coding for value function approximation},
note  = {Technical Report AI-TR-07-339},
institution = {University of Texas, Austin},
}

@inproceedings{geramifard:3,
  title={Online discovery of feature dependencies},
  author={Geramifard, Alborz and Doshi, Finale and Redding, Joshua and Roy, Nicholas and How, Jonathan},
  booktitle={Proceedings of the 28th International Conference on Machine Learning (ICML-11)},
  pages={881--888},
  year={2011}
}

@article{painter:1,
  title={Greedy algorithms for sparse reinforcement learning},
  author={Painter-Wakefield, Christopher and Parr, Ronald},
  journal={arXiv preprint arXiv:1206.6485},
  year={2012}
}

@article{chen2016decentralized,
  title={Decentralized Non-communicating Multiagent Collision Avoidance with Deep Reinforcement Learning},
  author={Chen, Yu Fan and Liu, Miao and Everett, Michael and How, Jonathan P},
  journal={arXiv preprint arXiv:1609.07845},
  year={2016}
}

@article{hausknecht2015deep,
  title={Deep recurrent q-learning for partially observable mdps},
  author={Hausknecht, Matthew and Stone, Peter},
  journal={arXiv preprint arXiv:1507.06527},
  year={2015}
}

@article{schaul2015prioritized,
	title={Prioritized experience replay},
	author={Schaul, Tom and Quan, John and Antonoglou, Ioannis and Silver, David},
	journal={arXiv preprint arXiv:1511.05952},
	year={2015}
}

@article{ormoneit:1,
  title={Kernel-based reinforcement learning},
  author={Ormoneit, Dirk and Sen, {\'S}aunak},
  journal={Machine learning},
  volume={49},
  number={2},
  pages={161--178},
  year={2002},
  publisher={Springer}
}

@article{mnih-dqn-2015,
	Author = {Mnih, Volodymyr and Kavukcuoglu, Koray and Silver, David and Rusu, Andrei A. and Veness, Joel and Bellemare, Marc G. and Graves, Alex and Riedmiller, Martin and Fidjeland, Andreas K. and Ostrovski, Georg and Petersen, Stig and Beattie, Charles and Sadik, Amir and Antonoglou, Ioannis and King, Helen and Kumaran, Dharshan and Wierstra, Daan and Legg, Shane and Hassabis, Demis},
	Date = {2015/02/26/print},
	Date-Added = {2015-03-03 15:43:42 +0000},
	Date-Modified = {2015-03-03 15:43:42 +0000},
	Day = {26},
	Isbn = {0028-0836},
	Journal = {Nature},
	L3 = {10.1038/nature14236; http://www.nature.com/nature/journal/v518/n7540/abs/nature14236.html#supplementary-information},
	M3 = {Letter},
	Month = {02},
	Number = {7540},
	Pages = {529--533},
	Publisher = {Nature Publishing Group, a division of Macmillan Publishers Limited. All Rights Reserved.},
	Title = {Human-level control through deep reinforcement learning},
	Ty = {JOUR},
	Url = {http://dx.doi.org/10.1038/nature14236},
	Volume = {518},
	Year = {2015},
}

@inproceedings{kurek2016heterogeneous,
  title={Heterogeneous team deep q-learning in low-dimensional multi-agent environments},
  author={Kurek, Mateusz and Ja{\'s}kowski, Wojciech},
  booktitle={Computational Intelligence and Games (CIG), 2016 IEEE Conference on},
  pages={1--8},
  year={2016},
  organization={IEEE}
}

@article{aastrom1965optimal,
  title={Optimal control of Markov processes with incomplete state information},
  author={{\AA}str{\"o}m, Karl J},
  journal={Journal of Mathematical Analysis and Applications},
  volume={10},
  number={1},
  pages={174--205},
  year={1965},
  publisher={Elsevier}
}

@article{kaelbling1998planning,
  title={Planning and acting in partially observable stochastic domains},
  author={Kaelbling, Leslie Pack and Littman, Michael L and Cassandra, Anthony R},
  journal={Artificial intelligence},
  volume={101},
  number={1},
  pages={99--134},
  year={1998},
  publisher={Elsevier}
}

@article{kaelbling1996reinforcement,
	title={Reinforcement learning: A survey},
	author={Kaelbling, Leslie Pack and Littman, Michael L and Moore, Andrew W},
	journal={Journal of artificial intelligence research},
	volume={4},
	pages={237--285},
	year={1996}
}

@book{poupart2005exploiting,
  title={Exploiting structure to efficiently solve large scale partially observable Markov decision processes},
  author={Poupart, Pascal},
  year={2005},
  publisher={PhD thesis, University of Toronto}
}

@article{nguyen2006consensus,
  title={A consensus-based multi-agent approach for information retrieval in internet},
  author={Nguyen, Ngoc and Ganzha, Maria and Paprzycki, Marcin},
  journal={Computational Science--ICCS 2006},
  pages={208--215},
  year={2006},
  publisher={Springer}
}





@conference {abrahart98,
author = {Abrahart, Robert J. and See, Linda},
title = {Neural Network vs. ARMA Modelling:
Constructing Benchmark Case Studies of River Flow Prediction},
booktitle = {Proceedings of the Third International
Conference on GeoComputation},
year = {1998},
month = {September},
address = {University of Bristol, United Kingdom},
}

@conference {acar97,
author = {Acar, M. H. and YÄ±lmaz, P.},
title = {Effect of tetramethylthiuramdisulfide on the
cationic poymerization of cylohexeneoxide},
booktitle = {The 2nd International
Conferences on Advanced Polymers via Macromolecular
Engineering},
year = {1997},
month = {April},
address= {Orlando, Florida, USA},
}

@article {Burke74,
author = {Burke, W. F. and U\u{g}urta\c{s} G.},
title = {Seismic interpretation of Thrace basin},
journal = {TPAO international report},
address = {Ankara, Turkey},
}

@phdthesis {harper2007,
author = {Harper, E. B.},
title = {The role of terrestrial habitat in the population dynamics and
conservation of pond-breeding amphibians},
year = {2007},
address = {http://edt.missouri.edu},
}

@article {unesco,
author = {IOC-UNESCO},
year = {1981},
title = {International bathymetric chart of the Mediterranean},
publisher = {Ministry of Defence},
address = {Leningrad},
}

@article {mccaffrey88,
year = {1988},
author = {McCaffrey, R. and Abers, G.},
title = {SYN3: A program for inversion of teleseismic body wave forms on
microcomputers},
journal = {Air Force Geophysics Laboratory Technical Report},
address = {Hanscomb Air Force Base, MA},
}

@inbook {moore91,
year = {1991},
author = {Moore, C.},
title = {Encyclopedia of chemical technology, Mass spectrometry},
publisher = {Wiley},
address = {New York},
edition = {4.},
}

@phdthesis{nelson88,
author = {Nelson, M. R.},
year = {1988},
title = {Constraints on the seismic velocity structure of the crust and
upper mantle beneath the eastern Tien Shan, Central Asia},
school = {MIT},
address = {Cambridge, MA},
}

@misc {sisaky,
author = {Sisaky, A., Golab, F. and Myer, B.},
year = {1989},
title = {Rust resistant potatoes},
howpublished = {United Kingdom Patent, No: 2394783 dated 23.1.1989.},
}

@misc {simpsondvd,
author = {Simpson, B.},
year = {(Producer)2004},
title = {The Corporation [DVD]},
howpublished = {Canada: Big Picture Media
Corporation.},
}

@misc{startrek,
  author = {{Star trek planet classifications}},
  howpublished = "\url{http://en.wikipedia.org/wiki/Star_Trek_planet_classifications}",
  note = {Al\i nd\i \u{g}{\i} tarih: 07.06.2010}
}

@article{TS-40561,
 year = {1985},
 title ={\c{C}elik yap{\i}larÄ±n plastik teoriye g\"ore hesap kurallar{\i}},
 author = {TS-40561},
 journal = {T\"urk Standartlar{\i} Enstit\"us\"u},
 address = {Ankara}
}

@misc{url-1,
author = {Url-1},
howpublished = "\url{http://www.mohid.com}",
note = {al\i nd\i \u{g}{\i} tarih: 29.06.2006}
}

@misc{url-2,
author = {Url-2},
howpublished = "\url{http://www.elet.polimi.it}",
note = {al\i nd\i \u{g}{\i} tarih: 10.01.2007}
}

@article{vanden2001,
author = {Vanden, G., Knapp, S. and  Doe, J.},
title = {Role of reference elements in the
selection of resources by psychology undergraduates},
journal = {Journal of Bibliographic Research},
number = {5},
pages = {117-123},
}


@article {HYP:HYP57,
author = {Abrahart, Robert J. and See, Linda},
title = {Comparing neural network and autoregressive moving average techniques for the provision of continuous river flow forecasts in two contrasting catchments},
journal = {Hydrological Processes},
volume = {14},
number = {11-12},
publisher = {John Wiley & Sons, Ltd.},
issn = {1099-1085},
pages = {2157--2172},
keywords = {neural network model, ARMA model, hydrological forecasting},
year = {2000},
}

@book{Box:1990:TSA:574978,
 author = {Box, George Edward Pelham and Jenkins, Gwilym},
 title = {Time Series Analysis, Forecasting and Control},
 year = {1990},
 isbn = {0816211043},
 publisher = {Holden-Day, Incorporated},
}


@article{17590413,
author = {Burger, Joanna and Gochfeld, Michael and Jeitner, Christian and Burke, Sean and Stamm, Tim and Snigaroff, Ronald and Snigaroff, Dan and Patrick, Robert and Weston, Jim},
title = {Mercury levels and potential risk from subsistence foods from the Aleutians},
journal = {Sci Total Environ},
volume = {384},
number = {1-3},
publisher = {},
year = {2007},
pages = {93-105},
ISSN = {0048-9697},
}

@ARTICLE{1993JHyd..144..193B,
   author = {{Burlando}, P.},
    title = "{Forecasting of short-term rainfall using ARMA models}",
  journal = {Journal of Hydrology},
     year = 1993,
    month = apr,
   volume = 144,
    pages = {193-211},
      doi = {10.1016/0022-1694(93)90172-6},
   adsurl = {http://adsabs.harvard.edu/abs/1993JHyd..144..193B},
  adsnote = {Provided by the SAO/NASA Astrophysics Data System}
}

@article{Deci_Ryan_1990,
title={A motivational approach to self: integration in personality.},
volume={38},
journal={Nebraska Symposium On Motivation Nebraska Symposium On Motivation},
publisher={University of Nebraska Press},
author={Deci, E L and Ryan, R M},
year={1990},
pages={237--288}
}

@Misc{lepichon,
  author = {LePichon, X.},
  howpublished      = 	 {Personal communication},
  year = {1997}
}

@article{Roberts_Jackson_1991,
title={Active normal faulting in central Greece: an overview},
volume={56},
number={1},
journal={Geological Society Special Publication},
author={Roberts, S and Jackson, J},
year={1991},
pages={125--142}}

@article{Wegener2000629,
title = "Flexible Corrections of Juror Judgments Implications for Jury Instructions",
journal = "Psychology, Public Policy, and Law",
volume = "6",
number = "3",
pages = "629 - 654",
year = "2000",
note = "",
issn = "1076-8971",
author = "Duane T. Wegener and Norbert L. Kerr and Monique A. Fleming and Richard E. Petty"
}

@article{Wolchik2000843,
title = "An Experimental Evaluation of Theory-Based Mother and Mother-Child Programs for Children of Divorce",
journal = "Journal of Consulting and Clinical Psychology",
volume = "68",
number = "5",
pages = "843 - 856",
year = "2000",
note = "",
issn = "0022-006X",
author = "Sharlene A. Wolchik and Stephen G. West and Irwin N. Sandler and Jenn-Yun Tein and Douglas Coatsworth and Liliana Lengua and Lillie Weiss and Edward R. Anderson and Shannon M. Greene and William A. Griffin"
}

@article{Zuckerman199486,
title = "Race Differences in Face-ism: Does Facial Prominence Imply Dominance?",
journal = "Journal of Personality and Social Psychology",
volume = "66",
number = "1",
pages = "86 - 92",
year = "1994",
note = "",
issn = "0022-3514",
author = "Miron Zuckerman and Suzanne C. Kieffer"
}

@inproceedings{irodova2005reinforcement,
  title={Reinforcement Learning and Function Approximation.},
  author={Irodova, Marina and Sloan, Robert H},
  booktitle={FLAIRS Conference},
  pages={455--460},
  year={2005}
}
